<?xml version="1.0" encoding="UTF-8"?><collection xmlns="http://www.loc.gov/MARC21/slim"><record><leader>00437nam--2200133-i-4500</leader><controlfield tag="001">000038033</controlfield><controlfield tag="002">20161230</controlfield><controlfield tag="005">20161230201041</controlfield><controlfield tag="008">060222s1000------------r-----000-0-eng-d</controlfield><datafield ind1=" " ind2=" " tag="100"><subfield code="a">Raymond, F.H</subfield></datafield><datafield ind1=" " ind2=" " tag="245"><subfield code="a">L`automatique des informations. principes des machines (a calculer, en particulier) operant sur de l`information</subfield></datafield><datafield ind1=" " ind2=" " tag="260"><subfield code="a">Pars, Masson Et C-ie, 1957, Xiii + 185p</subfield></datafield><datafield ind1=" " ind2=" " tag="490"><subfield code="a">Collection `Evolution Des Sciences`</subfield></datafield><datafield ind1=" " ind2=" " tag="852"><subfield code="a">13664</subfield></datafield></record></collection>